@misc{cvx,
  author       = {Michael Grant and Stephen Boyd},
  title        = {{CVX}: Matlab Software for Disciplined Convex Programming, version 2.1},
  howpublished = {\url{http://cvxr.com/cvx}},
  month        = mar,
  year         = 2014
}

@incollection{gb08,
  author    = {Michael Grant and Stephen Boyd},
  title     = {Graph implementations for nonsmooth convex programs},
  booktitle = {Recent Advances in Learning and Control},
  series    = {Lecture Notes in Control and Information Sciences},
  editor    = {V. Blondel and S. Boyd and H. Kimura},
  publisher = {Springer-Verlag Limited},
  pages     = {95--110},
  year      = 2008,
  note      = {\url{http://stanford.edu/~boyd/graph_dcp.html}}
}

@article{berger1984amr,
  author  = {M. J. Berger and J. Oliger},
  title   = {Adaptive mesh refinement for hyperbolic partial differential equations},
  journal = {J. Comp. Phys.},
  month   = 3,
  year    = 1984,
  volume  = 53,
  number  = 3,
  pages   = {484-512},
}

@article{berger2011geoclaw,
  author  = {M. J. Berger and David L. George and Randall J. LeVeque and Kyle T. Mandli},
  title   = {The {GeoClaw} software for depth-averaged flows with adaptive refinement},
  journal = {Advances in Water Resources},
  year    = 2011,
  volume  = 34,
  pages   = {1195--1206},
}

@article{mandli2014ss,
  author  = {Kyle T. Mandli and Clint N. Dawson},
  title   = {Adaptive mesh refinement for storm surge},
  journal = {Ocean Modelling},
  year    = 2014,
  volume  = 75,
  pages   = {36--50},
}

@article{mandli2016clawpack,
  author  = {Kyle T. Mandli and Aron J. Ahmadia and Marsha J. Berger and Donna Calhoun and David L. George and Yiannis Hadjimichael and David I. Ketcheson and Grady I. Lemoine and Randall J. LeVeque},
  title   = {Clawpack: building an open source ecosystem for solving hyperbolic PDEs},
  journal = {PeerJ Comput. Sci. 2:e68; DOI 10.7717/peerj-cs.68},
  year    = 2016,
}

@article{vooren1967ninept,
  author  = {A. I. van de Vooren and V. C. Vliegenthart},
  title   = {On the 9-point difference formula for Laplace's equation},
  journal = {J. Eng. Math.},
  year    = 1967,
  number  = 1,
  pages   = {187-202},
}

@book{leveque2007fdm,
  author    = {R. J. LeVeque},
  title     = {Finite Difference Methods for Ordinary and Partial Differential Equations: Steady-State and Time-Dependent Problems},
  publisher = {Society for Industrial and Applied Mathematics},
  year      = 2007,
}

@misc{pdenotesmixed,
  author       = {Kyle T. Mandli},
  title        = {Mixed Equations},
  year         = 2018,
  note         = {{GitHub} repository},
  howpublished = {\url{https://github.com/mandli/numerical-methods-pdes}},
}

@incollection{ch15fdad,
  author    = {Mohamed Iskandarani},
  title     = {Finite Difference Approximation of Derivatives},
  booktitle = {Course Notes for MSC321},
  chapter   = 15,
  publisher = {University of Miami},
  note      = {\url{http://yyy.rsmas.miami.edu/users/miskandarani/Courses/MSC321/lectfiniteDifference.pdf}},
}

@article{cn,
  author  = {N. H. Sweilam and M. M. Khader and A. M. S. Mahdy},
  title   = {{Crank-Nicolson} finite difference method for solving time-fractional diffusion equation},
  journal = {Journal of Fractional Calculus and Applications},
  month   = jan,
  year    = 2012,
  volume  = 2,
  number  = 2,
  pages   = {1--9},
}

@incollection{cvxguide,
  author    = {Michael Grant and Stephen Boyd},
  title     = {Advanced Topics},
  chapter   = 11,
  booktitle = {The {CVX} Users' Guide, release 2.1},
  publisher = {{CVX} Research, Inc.},
  pages     = {67--76},
  month     = dec,
  year      = 2017,
}
